/Users/laflij/Dropbox/Research/References/library.bib